<?xml version="1.0" encoding="UTF-8"?><record xmlns="http://www.loc.gov/MARC21/slim" xmlns:cinclude="http://apache.org/cocoon/include/1.0" xmlns:zs="http://www.loc.gov/zing/srw/">
  <leader>00665nz  a2200181n  4500</leader>
  <controlfield tag="001">nb2013004948</controlfield>
  <controlfield tag="003">DLC</controlfield>
  <controlfield tag="005">20130313095922.0</controlfield>
  <controlfield tag="008">130311n| azannaabn          |n ana      </controlfield>
  <datafield tag="010" ind1=" " ind2=" ">
    <subfield code="a">nb2013004948</subfield>
  </datafield>
  <datafield tag="035" ind1=" " ind2=" ">
    <subfield code="a">(Uk)008701399</subfield>
  </datafield>
  <datafield tag="040" ind1=" " ind2=" ">
    <subfield code="a">Uk</subfield>
    <subfield code="b">eng</subfield>
    <subfield code="e">rda</subfield>
    <subfield code="c">Uk</subfield>
  </datafield>
  <datafield tag="151" ind1=" " ind2=" ">
    <subfield code="a">Ruscombe (England)</subfield>
  </datafield>
  <datafield tag="368" ind1=" " ind2=" ">
    <subfield code="b">Villages</subfield>
    <subfield code="2">lcsh</subfield>
  </datafield>
  <datafield tag="370" ind1=" " ind2=" ">
    <subfield code="c">England</subfield>
    <subfield code="f">Berkshire, England</subfield>
  </datafield>
  <datafield tag="670" ind1=" " ind2=" ">
    <subfield code="a">Twyford and Ruscombe village walks, 2012.</subfield>
  </datafield>
  <datafield tag="670" ind1=" " ind2=" ">
    <subfield code="a">Wikipedia website, 10 March 2013</subfield>
    <subfield code="b">(Ruscombe is a small village and civil parish in the Borough of Wokingham, county of Berkshire)</subfield>
  </datafield>
  <datafield tag="670" ind1=" " ind2=" ">
    <subfield code="a">Wokingham Borough Council website, 10 March 2013</subfield>
    <subfield code="b">(Ruscombe village news and local elections)</subfield>
  </datafield>
</record>